@online{matplotlib,
    author        = {},
    title         = {Matplotlib -- Visualization with Python},
    year          = 2023,
    url           = {https://matplotlib.org/},
    urldate       = {2024-04-04}
}

@online{latex,
    author        = {},
    title         = {LaTeX -- A document preparation system},
    year          = 2024,
    url           = {https://www.latex-project.org/},
    urldate       = {2024-04-04}
}

@online{biblatex,
    author        = {},
    title         = {plk/biblatex},
    year          = 2024,
    url           = {https://github.com/plk/biblatex},
    urldate       = {2024-04-04}
}

@online{jflap,
    author        = {},
    title         = {JFLAP},
    year          = 2018,
    url           = {https://www.jflap.org/},
    urldate       = {2024-03-03}
}

@online{turingmachinesimulator,
    author        = {Ugarte, Martin},
    title         = {turingmachinesimulator},
    year          = 2017,
    url           = {https://turingmachinesimulator.com/},
    urldate       = {2024-03-03}
}

@online{tmsimulator,
    author        = {Cortés, Felipe},
    title         = {fcortes/turing-machine-simulator},
    year          = 2017,
    url           = {https://github.com/fcortes/turing-machine-simulator},
    urldate       = {2024-03-05}
}

@online{jflap2tikz,
    author        = {Mertz, Andrew and Slough, William},
    title         = {JFLAP2TikZ -- Convert JFlap file into a LaTeX file depicting the automaton using TikZ},
    year          = 2015,
    url           = {https://ctan.org/tex-archive/graphics/jflap2tikz},
    urldate       = {2024-03-05}
}



@book{HopcroftJohnE.2008Ialt,
    publisher = {Pearson Addison Wesley},
    isbn = {9788478290888},
    year = {2008},
    title = {Introducción a la teoría de autómatas, lenguajes y computación},
    edition = {3ª ed.},
    language = {spa},
    address = {Madrid},
    author = {Hopcroft, John E. and Motwani, Rajeev and Ullman, Jeffrey D.},
    keywords = {Matemáticas computacionales; Lingüística computacional; Lenguajes de programación}
}

@book{SipserMichael2013Ittt,
    publisher = {Cengage Learning},
    isbn = {9781133187790},
    year = {2013},
    title = {Introduction to the theory of computation},
    edition = {3rd. ed.},
    language = {eng},
    address = {Australia},
    author = {Sipser, Michael},
    keywords = {Matemáticas computacionales}
}

@book{aho1994foundations,
    title = {Foundations of Computer Science: C Edition},
    author = {Aho, A.V. and Ullman, J.D.},
    isbn = {9780716782841},
    series = {Principles of computer science series},
    year = {1994},
    address = {United Kingdom},
    publisher = {W. H. Freeman},
    url = {http://infolab.stanford.edu/~ullman/focs.html}
}

@book{cuoco2005mathematical,
    title = {Mathematical Connections: A Companion for Teachers and Others},
    author = {Cuoco, A.},
    language = {eng},
    isbn = {9780883857397},
    series = {Classroom Resource Materials},
    year = {2005},
    publisher = {Mathematical Association of America}
}